% This file was created with JabRef 2.7b.
% Encoding: ISO8859_1

@MANUAL{alves_2001,
  title = {Como fazer referências},
  author = {{ALVES, Maria Bernardete Martins; ARRUDA, Susana Margareth}},
  address = {Florianópolis: Universidade Federal de Santa Catarina, Biblioteca
	Universitária},
  year = {c2001},
  urlaccessdate = {11 jun. 2013},
  owner = {roberto},
  subtitle = {bibliográficas, eletrônicas e demais formas de documento},
  timestamp = {2013.06.10},
  url = {http://www.bu.ufsc.br/design/framerefer.php}
}

@book{handbook-knowledge,
  title={Handbook of knowledge representation},
  author={Van Harmelen, Frank and Lifschitz, Vladimir and Porter, Bruce},
  volume={1},
  year={2008},
  publisher={Elsevier}
}

@book{ia-ferramentas,
  title = {Inteligência Artificial},
  subtitle = {Ferramentas e Teorias},
  author = {Guilherme Bittencourt},
  address = {Florianópolis},
  year = {2006},
  publisher={Editora da UFSC}
}

@MANUAL{jade,
  title = {JADE},
  subtitle = {JAVA Agent DEvelopment Framework},
  author = {{TELECOM ITALIA}},
  address = {Italia},
  year = {2000},
  comment = {Acesso em: 23 de agosto de 2015},
  url = {http://jade.tilab.com}
}

@MANUAL{lgpl2,
  title = {LGPL v2.1},
  author = {GNU},
  address = {USA},
  year = {1999},
  comment = {Acesso em: 23 de agosto de 2015},
  url = {http://www.gnu.org/licenses/old-licenses/lgpl-2.1.html}
}

@MANUAL{jadex,
  title = {JADEX},
  author = {Lars Braubach and Alexander Pokahr and Kai Jander},
  address = {University of Hamburg},
  year = {2002},
  comment = {Acesso em: 23 de agosto de 2015},
  url = {http://www.http://activecomponents.org}
}

@MANUAL{gpl3,
  title = {GPLv3},
  author = {GNU},
  address = {USA},
  year = {2007},
  comment = {Acesso em: 23 de agosto de 2015},
  url = {http://www.gnu.org/licenses/gpl-3.0.en.html}
}

@MANUAL{gabriel,
  title = {Proposta de Um Framework Para Consolidação de Recursos em Ambientes de Computação em Nuvem},
  author = {Gabriel Beims Br{\"a}scher},
  address = {UFSC},
  year = {2015}
}

@book{ieo2013,
  title = {International Energy Outlook 2013},
  author = {{International Energy Agency}},
  address = {USA},
  year = {2013},
  publisher = {IEA},
  ISBN = {978-92-64-20130-9}
}

@MANUAL{cloudstack,
  title = {CloudStack},
  author = {{Apache Foundation}},
  address = {USA},
  year = {2012},
  url = {https://cloudstack.apache.org/}
}

@incollection{mascloud,
year={2013},
isbn={978-3-642-38072-3},
booktitle={Advances on Practical Applications of Agents and Multi-Agent Systems},
volume={7879},
series={Lecture Notes in Computer Science},
editor={Demazeau, Yves and Ishida, Toru and Corchado, JuanM. and Bajo, Javier},
title={A Multiagent System for Resource Distribution into a Cloud Computing Environment},
publisher={Springer Berlin Heidelberg},
keywords={Cloud Computing; Multi-agent System; Allocating resources},
author={De la Prieta, Fernando and Rodríguez, Sara and Bajo, Javier and Corchado, JuanManuel},
pages={37-48},
language={English}
}

@article{nist,
  title={The NIST definition of cloud computing},
  author={Mell, Peter and Grance, Tim},
  year={2011},
  publisher={Computer Security Division, Information Technology Laboratory, National Institute of Standards and Technology Gaithersburg}
}

@article{forecasting,
  title={Cloud resource management: A survey on forecasting and profiling models},
  author={Weing{\"a}rtner, Rafael and Br{\"a}scher, Gabriel Beims and Westphall, Carlos Becker},
  journal={Journal of Network and Computer Applications},
  volume={47},
  pages={99--106},
  year={2015},
  publisher={Elsevier}
}

@article{tholeti2011hypervisors,
	title={Hypervisors, virtualization, and the cloud: Learn about hypervisors, system virtualization, and how it works in a cloud environment},
	author={Tholeti, Bhanu P},
	journal={IBM developerWorks, September},
	year={2011}
}

@article{challenges,
  title={Cloud computing: state-of-the-art and research challenges},
  author={Zhang, Qi and Cheng, Lu and Boutaba, Raouf},
  journal={Journal of internet services and applications},
  volume={1},
  number={1},
  pages={7--18},
  year={2010},
  publisher={Springer}
}


@inproceedings{micro-slice,
  title={Cooperative expendable micro-slice servers (CEMS): low cost, low power servers for internet-scale services},
  author={Hamilton, James},
  booktitle={Conference on Innovative Data Systems Research (CIDR?09)(January 2009)},
  year={2009}
}


@book{intelligent,
  title={Intelligent software agents: foundations and applications},
  author={Brenner, Walter and Zarnekow, R{\"u}diger and Wittig, Hartmut},
  year={2012},
  publisher={Springer Science \& Business Media}
}


@article{blackboard,
  title={Blackboard systems},
  author={Corkill, Daniel D},
  journal={AI expert},
  volume={6},
  number={9},
  pages={40--47},
  year={1991}
}

@article{handbook-intelligence,
  title = {The Handbook of Artificial Intelligence, Volume IV},
  author = {Avron Barr and Paul R. Cohen and Edward A. Feigenbaum},
  journal = {Pitman, London. 428p},
  year = {1989}
}

@article{agent-oriented,
  title={Models and methodology for agent-oriented analysis and design},
  author={Burmeister, Birgit},
  journal={Working Notes of the KI},
  volume={96},
  number={96-06},
  pages={52},
  year={1996}
}

@book{OMT,
  title={Object-oriented modeling and design},
  author={Rumbaugh, James and Blaha, Michael and Premerlani, William and Eddy, Frederick and Lorensen, William E. and others},
  volume={199},
  number={1},
  year={1991},
  publisher={Prentice-hall Englewood Cliffs}
}

@inproceedings{payg,
  title={Towards pay-as-you-consume cloud computing},
  author={Ibrahim, Shadi and He, Bingsheng and Jin, Hai},
  booktitle={Services Computing (SCC), 2011 IEEE International Conference on},
  pages={370--377},
  year={2011},
  organization={IEEE}
}

@techreport{instance1290,
	title = {UK CLOUD ADOPTION TRENDS FOR 2015},
	author = {FORUM, T. C. I.},
	year = {2015},
	url={http://cloudindustryforum.org/downloads/whitepapers/UK-Cloud-Adoption-Trends-for-2015-InsightBrief.pdf}
}

@article{a-ricardo-intro,
	title={Introdu{\c{c}}{\~a}o a Sistemas Multi-agente},
	author={Silveira, Ricardo Azambuja},
	journal={Universidade Federal de Santa Catarina (UFSC)},
	year={2006}
}

@article{consolidation,
  title={Energy Consumption in Cloud Computing Data Centers},
  author={Awada, Uchechukwu and Li, Keqiu and Shen, Yanming},
  journal={International Journal of Cloud Computing and Services Science (IJ-CLOSER)},
  volume={3},
  number={3},
  pages={145--162},
  year={2014}
}

@inproceedings{jade-fipa,
  title={JADE--A FIPA-compliant agent framework},
  author={Bellifemine, Fabio and Poggi, Agostino and Rimassa, Giovanni},
  booktitle={Proceedings of PAAM},
  volume={99},
  number={97-108},
  pages={33},
  year={1999},
  organization={London}
}

@misc{fipa,
  title={Foundation for Intelligent Physical Agents},
  author={FIPA},
  year={1996}, 
  url = {http://www.fipa.org/}
 }
 
@article{fipa97,
  title={FIPA 97 specification},
  author={Chiariglione, L},
  journal={Foundation for Intelligent Physical Agents},
  year={1997}
}

@article{kqml-agent,
  title={KQML as an agent communication language},
  author={Finin, Tim and Labrou, Yannis and Mayfield, James},
  journal={Software Agents. MIT Press, Cambridge},
  volume={239},
  year={1995}
}


