% This file was created with JabRef 2.7b.
% Encoding: ISO8859_1

@ARTICLE{a-westphal-energetico,
	author= {Carlos Becker Westphall and Gabriel Beims Br\"ascher and Rafael Weing\"{A}rtner},
	title = {Cloud resource management: A survey on forecasting and profiling models},
	year = {2015},
	journal = {Journal of Network and Computer Applications},
	url = {http://www.sciencedirect.com/science/article/pii/S1084804514002252},
	volume = {47},
	number = {0},
	pages = {99--106},
	issn = {1084-8045}
}

@ARTICLE{a-jade,
	author = {Fabio Bellifemine and Agostino Poggi and Giovanni Rimassa},
	title = {Jade - A FIPA-compliant Agent Framework},
	year = {1999},
	url = {http://sharon.cselt.it/projects/jade/papers/PAAM.pdf}
}

@ARTICLE{tcc-gabriel,
	author = {Gabriel Beims Br\"ascher},
	title = {Proposta de um Framework para Consolida{\c c}{\~a}o de Recursos em Ambientes de Computa{\c c}{\~a} em Nuvem},
	year = {2015}
}

@incollection{a-prieta,
  title={A multiagent system for resource distribution into a Cloud Computing environment},
  author={De la Prieta, Fernando and Rodr{\'\i}guez, Sara and Bajo, Javier and Corchado, Juan Manuel},
  booktitle={Advances on Practical Applications of Agents and Multi-Agent Systems},
  pages={37--48},
  year={2013},
  publisher={Springer}
}

@article{a-ricardo-intro,
  title={Introdu{\c{c}}{\~a}o a Sistemas Multi-agente},
  author={Silveira, Ricardo Azambuja},
  journal={Universidade Federal de Santa Catarina (UFSC)},
  year={2006}
}

@techreport{instance1290,
     title = {UK CLOUD ADOPTION TRENDS FOR 2015},
     author = {FORUM, T. C. I.},
     year = {2015},
     url={http://cloudindustryforum.org/downloads/whitepapers/UK-Cloud-Adoption-Trends-for-2015-InsightBrief.pdf}
}

@article{awada2014energy,
  title={Energy Consumption in Cloud Computing Data Centers},
  author={Awada, Uchechukwu and Li, Keqiu and Shen, Yanming},
  journal={International Journal of Cloud Computing and Services Science (IJ-CLOSER)},
  volume={3},
  number={3},
  pages={145--162},
  year={2014}
}

@article{whitney2014data,
  title={Data center efficiency assessment},
  author={Whitney, J and Delforge, P},
  journal={Issue paper on NRDC (The Natural Resource Defense Council)},
  year={2014}
}

@inproceedings{uchechukwu2012improving,
  title={Improving cloud computing energy efficiency},
  author={Uchechukwu, Awada and Li, Keqiu and Shen, Yanming},
  booktitle={Cloud Computing Congress (APCloudCC), 2012 IEEE Asia Pacific},
  pages={53--58},
  year={2012},
  organization={IEEE}
}

@book{wooldridge2009introduction,
  title={An introduction to multiagent systems},
  author={Wooldridge, Michael},
  year={2009},
  publisher={John Wiley \& Sons}
}

@article{kelash2007takes,
	title={It takes a multiagent system to manage distributed systems},
	author={Kelash, HM and Faheem, HM and Amoon, M},
	journal={Potentials, IEEE},
	volume={26},
	number={2},
	pages={39--45},
	year={2007},
	publisher={IEEE}
}

@article{RussellLivro,
	title={Artificial intelligence: A modern approach by Stuart Russell and Peter Norvig, Prentice Hall. Series in Artificial Intelligence, Englewood Cliffs, NJ.},
	author={Brewka, Gerd},
	journal={The Knowledge Engineering Review},
	volume={11},
	number={01},
	pages={32},
	year={1996},
	publisher={Cambridge Univ Press}
}

@article{serugendo2007autonomous,
	title={Autonomous and Adaptive Systems},
	author={Serugendo, G Di Marzo and Bonabeau, Eric and Aberer, Karl and Babaoglu, Ozalp and Bar-Yam, Yaneer and Dorigo, Marco and Hassas, Salima and Karageorgos, Anthony and Kephart, Jeff and Kitano, Hiroaki and others},
	year={2007}
}

@article{mell2011nist,
	title={The NIST definition of cloud computing},
	author={Mell, Peter and Grance, Tim},
	year={2011},
	publisher={Computer Security Division, Information Technology Laboratory, National Institute of Standards and Technology Gaithersburg}
}

@article{tholeti2011hypervisors,
	title={Hypervisors, virtualization, and the cloud: Learn about hypervisors, system virtualization, and how it works in a cloud environment},
	author={Tholeti, Bhanu P},
	journal={IBM developerWorks, September},
	year={2011}
}

@misc{fipasite,
	title = {FIPA},
	howpublished = {\url{http://fipa.org/}},
	note = {Accessed: 2015-11-03},
	year = {2015}
}

@misc{bdi4jade,
	title = {BDI4JADE},
	howpublished = {\url{http://www.inf.ufrgs.br/prosoft/bdi4jade/?page_id=46}},
	note = {Accessed: 2015-11-16},
	year = {2015}
}

@misc{darpasite,
	title = {DARPA},
	howpublished = {\url{http://www.darpa.mil/}},
	note = {Accessed: 2015-11-16},
	year = {2015}
}

@misc{ksesite,
	title = {KSE},
	howpublished = {\url{http://www.isi.edu/isd/KRSharing}},
	note = {Accessed: 2015-11-16},
	year = {2015}
}

@inproceedings{finin1994kqml,
	title={KQMLâ€”a language and protocol for knowledge and information exchange},
	author={Finin, Tim and Fritzson, Rich and McKay, Don and McEntire, Robin},
	booktitle={Proceedings of the 13th Intl. Distributed Artificial Intelligence Workshop},
	pages={127--136},
	year={1994}
}





